@Article{DKNO10,
  author       = {Dedner, A. and Kl\"ofkorn, R. and Nolte, M. and Ohlberger, M.},
  title        = {A generic interface for parallel and adaptive discretization schemes: abstraction principles and the Dune-Fem module},
  journal      = {Computing},
  number       = {3-4},
  volume       = {90},
  pages        = {165--196},
  year         = {2010},
  publisher    = {Springer},
  doi          = {10.1007/s00607-010-0110-3},
  url          = {/2010/DKNO10},
}